@ARTICLE{2019A&A...629A..36A,
       author = {{Astier}, Pierre and {Antilogus}, Pierre and {Juramy}, Claire and {Le Breton}, R{\'e}my and {Le Guillou}, Laurent and {Sepulveda}, Eduardo},
        title = "{The shape of the photon transfer curve of CCD sensors}",
      journal = {\aap},
     keywords = {instrumentation: detectors, methods: data analysis, Astrophysics - Instrumentation and Methods for Astrophysics},
         year = 2019,
        month = sep,
       volume = {629},
          eid = {A36},
        pages = {A36},
          doi = {10.1051/0004-6361/201935508},
archivePrefix = {arXiv},
       eprint = {1905.08677},
 primaryClass = {astro-ph.IM},
       adsurl = {https://ui.adsabs.harvard.edu/abs/2019A&A...629A..36A},
      adsnote = {Provided by the SAO/NASA Astrophysics Data System}
}

@INPROCEEDINGS{2024SPIE13103E..0WU,
       author = {{Utsumi}, Yousuke and {Antilogus}, Pierre and {Astier}, Pierre and {Banovetz}, John and {Bradshaw}, Andrew K. and {Bregeon}, Johan and {Broughton}, Alex and {Chiang}, Jim and {Combet}, Celine and {Dargaud}, Guillaume and {Digel}, Seth W. and {Esteves}, Johnny and {Guillemin}, Thibault and {Johnson}, Tony and {Juramy}, Claire and {Lage}, Craig and {Liang}, Shuang and {Marshall}, Stuart and {Migliore}, Myriam and {Neal}, Homer and {Nichols}, Renee and {Polin}, Daniel and {Rasmussen}, Andrew P. and {Ritz}, Steve and {Rykoff}, Eli and {Roodman}, Aaron and {Schutt}, Theo and {Sheshtakov}, Adrian and {Snyder}, Adam and {Thayer}, Gregg and {Turri}, Max and {Tyson}, Tony and {Wood}, Duncan},
        title = "{LSST Camera focal plane optimization}",
    booktitle = {X-Ray, Optical, and Infrared Detectors for Astronomy XI},
         year = 2024,
       editor = {{Holland}, Andrew D. and {Minoglou}, Kyriaki},
       series = {Society of Photo-Optical Instrumentation Engineers (SPIE) Conference Series},
       volume = {13103},
        month = aug,
          eid = {131030W},
        pages = {131030W},
          doi = {10.1117/12.3019117},
       adsurl = {https://ui.adsabs.harvard.edu/abs/2024SPIE13103E..0WU},
      adsnote = {Provided by the SAO/NASA Astrophysics Data System}
}

@ARTICLE{2020arXiv200209439J,
       author = {{Juramy}, Claire and {Antilogus}, Pierre and {Le Guillou}, Laurent and {Sepulveda}, Eduardo},
        title = "{Tearing and related field distortions in deep-depletion CCDs}",
      journal = {arXiv e-prints},
     keywords = {Astrophysics - Instrumentation and Methods for Astrophysics},
         year = 2020,
        month = feb,
          eid = {arXiv:2002.09439},
        pages = {arXiv:2002.09439},
          doi = {10.48550/arXiv.2002.09439},
archivePrefix = {arXiv},
       eprint = {2002.09439},
 primaryClass = {astro-ph.IM},
       adsurl = {https://ui.adsabs.harvard.edu/abs/2020arXiv200209439J},
      adsnote = {Provided by the SAO/NASA Astrophysics Data System}
}


@INPROCEEDINGS{2014SPIE.9154E..18D,
       author = {{Doherty}, Peter E. and {Antilogus}, Pierre and {Astier}, Pierre and {Chiang}, James and {Gilmore}, D. Kirk and {Guyonnet}, Augustin and {Huang}, Dajun and {Kelly}, Heather and {Kotov}, Ivan and {Kubanek}, Petr and {Nomerotski}, Andrei and {O'Connor}, Paul and {Rasmussen}, Andrew and {Riot}, Vincent J. and {Stubbs}, Christopher W. and {Takacs}, Peter and {Tyson}, J. Anthony and {Vetter}, Kurt},
        title = "{Electro-optical testing of fully depleted CCD image sensors for the Large Synoptic Survey Telescope camera}",
    booktitle = {High Energy, Optical, and Infrared Detectors for Astronomy VI},
         year = 2014,
       editor = {{Holland}, Andrew D. and {Beletic}, James},
       series = {Society of Photo-Optical Instrumentation Engineers (SPIE) Conference Series},
       volume = {9154},
        month = jul,
          eid = {915418},
        pages = {915418},
          doi = {10.1117/12.2056733},
       adsurl = {https://ui.adsabs.harvard.edu/abs/2014SPIE.9154E..18D},
      adsnote = {Provided by the SAO/NASA Astrophysics Data System}
}

@INPROCEEDINGS{2024SPIE13103E..21S,
       author = {{Snyder}, Adam and {Polin}, Daniel and {Lage}, Craig and {Tyson}, J. Anthony},
        title = "{Electro-optical characterization of LSST camera CCDs using the LSST beam simulator}",
    booktitle = {X-Ray, Optical, and Infrared Detectors for Astronomy XI},
         year = 2024,
       editor = {{Holland}, Andrew D. and {Minoglou}, Kyriaki},
       series = {Society of Photo-Optical Instrumentation Engineers (SPIE) Conference Series},
       volume = {13103},
        month = aug,
          eid = {1310321},
        pages = {1310321},
          doi = {10.1117/12.3020540},
       adsurl = {https://ui.adsabs.harvard.edu/abs/2024SPIE13103E..21S},
      adsnote = {Provided by the SAO/NASA Astrophysics Data System}
}


@ARTICLE{2021JATIS...7d8002S,
       author = {{Snyder}, Adam and {Longley}, Emily and {Lage}, Craig and {Digel}, Seth and {Neal}, Homer and {Utsumi}, Yousuke and {Roodman}, Aaron},
        title = "{Characterization and correction of serial deferred charge in LSST camera ITL CCDs}",
      journal = {Journal of Astronomical Telescopes, Instruments, and Systems},
     keywords = {charge-coupled devices, sensors, Vera C. Rubin Observatory, Legacy Survey of Space and Time},
         year = 2021,
        month = oct,
       volume = {7},
          eid = {048002},
        pages = {048002},
          doi = {10.1117/1.JATIS.7.4.048002},
       adsurl = {https://ui.adsabs.harvard.edu/abs/2021JATIS...7d8002S},
      adsnote = {Provided by the SAO/NASA Astrophysics Data System}
}

@ARTICLE{2023A&A...670A.118A,
       author = {{Astier}, Pierre and {Regnault}, Nicolas},
        title = "{Correction of the brighter-fatter effect on the CCDs of Hyper Suprime-Cam}",
      journal = {\aap},
     keywords = {instrumentation: detectors, techniques: image processing, Astrophysics - Instrumentation and Methods for Astrophysics},
         year = 2023,
        month = feb,
       volume = {670},
          eid = {A118},
        pages = {A118},
          doi = {10.1051/0004-6361/202245407},
archivePrefix = {arXiv},
       eprint = {2301.03274},
 primaryClass = {astro-ph.IM},
       adsurl = {https://ui.adsabs.harvard.edu/abs/2023A&A...670A.118A},
      adsnote = {Provided by the SAO/NASA Astrophysics Data System}
}

@ARTICLE{2024arXiv241113386B,
       author = {{Banovetz}, John and {Utsumi}, Yousuke and {Meyers}, Joshua and {Beleznay}, Maya and {Rasmussen}, Andrew and {Roodman}, Aaron},
        title = "{'Weather' in the LSST Camera: Investigating Patterns in Differenced Flat Images}",
      journal = {arXiv e-prints},
     keywords = {Astrophysics - Instrumentation and Methods for Astrophysics},
         year = 2024,
        month = nov,
          eid = {arXiv:2411.13386},
        pages = {arXiv:2411.13386},
          doi = {10.48550/arXiv.2411.13386},
archivePrefix = {arXiv},
       eprint = {2411.13386},
 primaryClass = {astro-ph.IM},
       adsurl = {https://ui.adsabs.harvard.edu/abs/2024arXiv241113386B},
      adsnote = {Provided by the SAO/NASA Astrophysics Data System}
}

